% This file was created with JabRef 2.9.2.
% Encoding: Cp1251

@BOOK{bib:arm_arch_manual,
  title = {ARM Architecture Reference Manual. ARMv7-A and ARMv7-R edition},
  publisher = {ARM},
  year = {2012},
  author = {ARM},
  owner = {arhangeldim},
  timestamp = {2013.04.09}
}

@ARTICLE{bib:popek_goldberg,
  author = {Gerald J. Popek, Robert P. Goldberg},
  title = {Formal requirements for virtualizable third generation architectures},
  journal = {Communications of the ACM},
  year = {1974},
  volume = {17},
  owner = {arhangeldim},
  timestamp = {2013.04.09}
}

@MISC{bib:kvm_arm,
  author = {http://systems.cs.columbia.edu/projects/kvm-arm/},
  title = {KVM/ARM},
  owner = {arhangeldim},
  timestamp = {2013.04.30}
}

@MISC{bib:kvm,
  author = {http://www.linux-kvm.org/},
  title = {KVM Linux},
  owner = {arhangeldim},
  timestamp = {2013.04.30}
}

@BOOK{bib:omap_ref_manual,
  title = {Technical Reference Manual. OMAP4430 Multimedia Device},
  publisher = {Texas Instruments},
  year = {2012},
  author = {Texas Instruments},
  owner = {arhangeldim},
  timestamp = {2013.04.09}
}

@ARTICLE{bib:xen_art,
  author = {Paul Braham, Boris Dragovich, Keir Fraser and other},
  title = {Xen and the Art of Virtualization},
  journal = {ACM SIGOPS Operating System Review},
  year = {2003},
  volume = {37},
  pages = {164-177},
  owner = {arhangeldim},
  timestamp = {2013.04.10}
}

@BOOK{bib:xen_arm,
  title = {Secure Xen on ARM User's Guide},
  year = {2008},
  author = {Samsung Electronic Co., Ltd},
  owner = {arhangeldim},
  timestamp = {2013.04.30}
}

@MASTERSTHESIS{bib:prashant,
  author = {Prashant Varanasi},
  title = {Implementing Hardware-supported Virtualization in OKL4 on ARM},
  school = {THE UNIVERSITY OF NEW SOUTH WALES SCHOOL OF COMPUTER SCIENCE AND
	ENGINEERING},
  year = {2010},
  owner = {arhangeldim},
  timestamp = {2013.04.10}
}

@BOOK{bib:vmware_understanding,
  title = {Understanding Full Virtualization, Paravirtualization, and Hardware
	Assist},
  year = {2007},
  author = {VMware},
  owner = {arhangeldim},
  timestamp = {2013.04.09}
}

@MISC{bib:arm_web,
  author = {www.arm.com},
  title = {ARM Holding},
  owner = {arhangeldim},
  timestamp = {2013.04.29},
  url = {www.arm.com}
}

@MISC{bib:qemu,
  author = {www.qemu.org},
  title = {Qemu Open source processor emulator},
  owner = {arhangeldim},
  timestamp = {2013.06.12}
}

@ARTICLE{bib:lan_magazine,
  author = {Сергей Орлов},
  title = {Революция ARM},
  journal = {Журнал сетевых решений},
  year = {2012},
  volume = {18},
  owner = {arhangeldim},
  timestamp = {2013.04.09}
}

@MISC{bib:site_elbrus,
  title = {Eltech Product Overview},
  note = {{\it www.eltech.com}},
  owner = {arhangeldim},
  timestamp = {2013.04.09}
}

@BOOK{bib:vmware_technique,
  title = {Software and Hardware Techniques for x86 Virtualization},
  publisher = {VMware},
  year = {2009},
  owner = {arhangeldim},
  timestamp = {2013.04.09}
}

